@INPROCEEDINGS{oltp_olap,
	author={S. S. {Conn}},
	booktitle={Proceedings. IEEE SoutheastCon, 2005.}, 
	title={OLTP and OLAP data integration: a review of feasible implementation methods and architectures for real time data analysis}, 
	year={2005},
	volume={},
	number={},
	pages={515-520},
	doi={10.1109/SECON.2005.1423297}}

%http://www.gridminer.org/publications/tho-tjoa-IFS-ZLDWH-Camera.pdf
@inproceedings{streaming_integration,
	title={Zero-latency data warehousing for heterogeneous data sources and continuous data streams},
	author={Tho, M Nguyen and Tjoa, A Min},
	booktitle={5th International Conference on Information Integrationand Web-based Applications Services},
	pages={55--64},
	year={2003}
}
%https://cs.brown.edu/courses/cs227/archives/2017/papers/brown-data-ingest.pdf
@inproceedings{test_data,
	title={Data Ingestion for the Connected World.},
	author={Meehan, John and Aslantas, Cansu and Zdonik, Stan and Tatbul, Nesime and Du, Jiang},
	booktitle={CIDR},
	year={2017}
}

@online{spark,
	title = {Оффициальный сайт Spark},
	language     = {english},
	date = {04.04.2021},
	url={https://spark.apache.org/},
}
@online{hive,
	title = {Оффициальный сайт Hive},
	language     = {english},
	date = {04.04.2021},
	url={https://hive.apache.org/},
}

@online{flink,
	title = {Оффициальный сайт Flink},
	language     = {english},
	date = {04.04.2021},
	url={https://flink.apache.org/},
}

@online{flink_delta_not_supported,
	title = {https://github.com/delta-io/connectors/issues/74},
	language     = {english},
	date = {04.04.2021},
	url={https://github.com/delta-io/connectors/issues/74},
}




