@INPROCEEDINGS{oltp_olap,
	author={S. S. {Conn}},
	booktitle={Proceedings. IEEE SoutheastCon, 2005.}, 
	title={OLTP and OLAP data integration: a review of feasible implementation methods and architectures for real time data analysis}, 
	year={2005},
	volume={},
	number={},
	pages={515-520},
	doi={10.1109/SECON.2005.1423297}}
https://citeseerx.ist.psu.edu/viewdoc/download?doi=10.1.1.80.3193&rep=rep1&type=pdf
@article{oltp_olap_2,
	title={An overview of data warehousing and OLAP technology},
	author={Chaudhuri, Surajit and Dayal, Umeshwar},
	journal={ACM Sigmod record},
	volume={26},
	number={1},
	pages={65--74},
	year={1997},
	publisher={ACM New York, NY, USA}
}

%http://www.gridminer.org/publications/tho-tjoa-IFS-ZLDWH-Camera.pdf
@inproceedings{streaming_integration,
	title={Zero-latency data warehousing for heterogeneous data sources and continuous data streams},
	author={Tho, M Nguyen and Tjoa, A Min},
	booktitle={5th International Conference on Information Integrationand Web-based Applications Services},
	pages={55--64},
	year={2003}
}
%https://www.researchgate.net/profile/Theresa-Kraft/publication/280837435_ETL_Evolution_for_Real-Time_Data_Warehousing/links/56008f5308ae07629e52af09/ETL-Evolution-for-Real-Time-Data-Warehousing.pdf
@inproceedings{streaming_integration_2,
	title={ETL evolution for real-time data warehousing},
	author={Kakish, Kamal and Kraft, Theresa A},
	booktitle={Proceedings of the Conference on Information Systems Applied Research ISSN},
	volume={2167},
	pages={1508},
	year={2012}
}

%https://cs.brown.edu/courses/cs227/archives/2017/papers/brown-data-ingest.pdf
@inproceedings{test_data,
	title={Data Ingestion for the Connected World.},
	author={Meehan, John and Aslantas, Cansu and Zdonik, Stan and Tatbul, Nesime and Du, Jiang},
	booktitle={CIDR},
	year={2017}
}
%http://epubs.surrey.ac.uk/841512/1/An%20Ingestion%20and%20Analytics%20Architecture%20for%20IoT%20applied%20to%20Smart%20City%20Use%20Cases.pdf
@article{iot_case1,
	title={An ingestion and analytics architecture for iot applied to smart city use cases},
	author={Ta-Shma, Paula and Akbar, Adnan and Gerson-Golan, Guy and Hadash, Guy and Carrez, Francois and Moessner, Klaus},
	journal={IEEE Internet of Things Journal},
	volume={5},
	number={2},
	pages={765--774},
	year={2017},
	publisher={IEEE}
}
%https://sites.cs.ucsb.edu/~vaibhavarora/dataProcessingArchitecture-IoT-ICDCS.pdf
@inproceedings{iot_case2,
	title={Multi-representation based data processing architecture for IoT applications},
	author={Arora, Vaibhav and Nawab, Faisal and Agrawal, Divyakant and El Abbadi, Amr},
	booktitle={2017 IEEE 37th International Conference on Distributed Computing Systems (ICDCS)},
	pages={2234--2239},
	year={2017},
	organization={IEEE}
}








@online{spark,
	title = {Оффициальный сайт Spark},
	language = {english},
	date = {04.04.2021},
	url={https://spark.apache.org/},
}
@online{delta,
	title = {Оффициальный сайт Delta Lake},
	language  = {english},
	date = {04.04.2021},
	url={https://delta.io/},
}
@online{hudi,
	title = {Оффициальный сайт Apache Hudi},
	language = {english},
	date = {04.04.2021},
	url={https://hudi.apache.org/},
}
@online{kafka,
	title = {Оффициальный сайт Apache Kafka},
	language = {english},
	date = {04.04.2021},
	url={https://kafka.apache.org/},
}





